@comment { See https://en.wikibooks.org/wiki/LaTeX/Bibliography_Management for help }

@manual {
    msdn_mvvm,
    organization = "Microsoft",
    title = "The MVVM Pattern",
    note = "\url{https://msdn.microsoft.com/en-us/library/hh848246.aspx}",
    year = "2012",
    month = "February",
    day = "10"
}

@manual {
    gmaps_tiles,
    organization = "Google",
    title = "Google Static Maps Developer Guide",
    note = "https://developers.google.com/maps/documentation/static-maps/intro",
    year = "2017",
    month = "May",
    day = "8"
}

@manual {
    osm_tiles,
    organization = "OpenStreetMap",
    title = "Static map images",
    note = "\url{http://wiki.openstreetmap.org/wiki/Static\_map\_images}",
    year = "2017",
    month = "January",
    day = "14"
}

@manual {
  srs,
    organization = "CIOS Digital",
    title = "Software Requirements Specification",
    note = "\url{https://github.com/CIOS-Digital/software-requirements-specification}",
    year = "2017",
}
